<?xml version="1.0" encoding="UTF-8"?><record xmlns="http://www.loc.gov/MARC21/slim" xmlns:cinclude="http://apache.org/cocoon/include/1.0" xmlns:zs="http://www.loc.gov/zing/srw/">
  <leader>00751cz  a2200229n  4500</leader>
  <controlfield tag="001">nr2004014727</controlfield>
  <controlfield tag="003">DLC</controlfield>
  <controlfield tag="005">20081101082125.0</controlfield>
  <controlfield tag="008">040512n| acannaabn          |b aaa      </controlfield>
  <datafield tag="010" ind1=" " ind2=" ">
    <subfield code="a">nr2004014727</subfield>
  </datafield>
  <datafield tag="035" ind1=" " ind2=" ">
    <subfield code="a">(OCoLC)oca06348146</subfield>
  </datafield>
  <datafield tag="040" ind1=" " ind2=" ">
    <subfield code="a">DLC-R</subfield>
    <subfield code="b">eng</subfield>
    <subfield code="c">DLC-R</subfield>
    <subfield code="d">OCoLC</subfield>
  </datafield>
  <datafield tag="053" ind1=" " ind2="0">
    <subfield code="a">PL992.415.C46</subfield>
  </datafield>
  <datafield tag="100" ind1="1" ind2=" ">
    <subfield code="a">Kim, Yŏng-il,</subfield>
    <subfield code="d">1941-</subfield>
  </datafield>
  <datafield tag="400" ind1="1" ind2=" ">
    <subfield code="a">Kim, Nogyŏm,</subfield>
    <subfield code="d">1941-</subfield>
  </datafield>
  <datafield tag="400" ind1="0" ind2=" ">
    <subfield code="a">Nogyŏm,</subfield>
    <subfield code="d">1941-</subfield>
  </datafield>
  <datafield tag="400" ind1="1" ind2=" ">
    <subfield code="a">김영일,</subfield>
    <subfield code="d">1941-</subfield>
  </datafield>
  <datafield tag="400" ind1="1" ind2=" ">
    <subfield code="a">김지하,</subfield>
    <subfield code="d">1941-</subfield>
  </datafield>
  <datafield tag="500" ind1="1" ind2=" ">
    <subfield code="a">Kim, Chi-ha,</subfield>
    <subfield code="d">1941-</subfield>
  </datafield>
  <datafield tag="667" ind1=" " ind2=" ">
    <subfield code="a">Machine-derived non-Latin script reference project.</subfield>
  </datafield>
  <datafield tag="667" ind1=" " ind2=" ">
    <subfield code="a">Non-Latin script references not evaluated.</subfield>
  </datafield>
  <datafield tag="670" ind1=" " ind2=" ">
    <subfield code="a">Yet Kaya esŏ ttŭiunŭn kyŏul pʻyŏnji, 2000:</subfield>
    <subfield code="b">t.p. (Kim Yŏng-il; h. Nogyŏm; known as Kim Chi-ha)</subfield>
  </datafield>
</record>